@inproceedings{birkedal2011first,
  title={First Steps in Synthetic Guarded Domain Theory: Step-Indexing in the Topos of Trees},
  author={Birkedal, Lars and Mogelberg, Rasmus Ejlers and Schwinghammer, Jan and Stovring, Kristian},
  booktitle={2011 IEEE 26th Annual Symposium on Logic in Computer Science},
  pages={55--64},
  year={2011},
  organization={IEEE}
}

@INPROCEEDINGS{birkedal2013universes,
  author={Birkedal, Lars and MÃ¸gelberg, Rasmus Ejlers},
  booktitle={2013 28th Annual ACM/IEEE Symposium on Logic in Computer Science}, 
  title={Intensional Type Theory with Guarded Recursive Types qua Fixed Points on Universes}, 
  year={2013},
  volume={},
  number={},
  pages={213-222},
  doi={10.1109/LICS.2013.27}}
  
@article{birkedal2021Multimodal,
   title={Multimodal Dependent Type Theory},
   volume={Volume 17, Issue 3},
   ISSN={1860-5974},
   url={http://dx.doi.org/10.46298/lmcs-17(3:11)2021},
   DOI={10.46298/lmcs-17(3:11)2021},
   journal={Logical Methods in Computer Science},
   publisher={Centre pour la Communication Scientifique Directe (CCSD)},
   author={Gratzer, Daniel and Kavvos, G. A. and Nuyts, Andreas and Birkedal, Lars},
   year={2021},
   month={Jul} }

@book{boolos1995logic,
  title={The Logic of Provability},
  author={Boolos, George},
  year={1995},
  publisher={Cambridge University Press}
}

@book{godel1992formally,
  title={On Formally Undecidable Propositions of Principia Mathematica and Related Systems},
  author={G{\"o}del, Kurt},
  year={1992},
  publisher={Courier Corporation}
}

@book{jacobs1999categorical,
  title={Categorical Logic and Type Theory},
  author={Jacobs, Bart},
  year={1999},
  publisher={Elsevier}
}

@incollection{lawvere1969diagonal,
  title={Diagonal Arguments and Cartesian Closed Categories},
  author={Lawvere, F William},
  booktitle={Category theory, Homology Theory and their Applications II},
  pages={134--145},
  year={1969},
  publisher={Springer}
}

@book{lambek1988introduction,
  title={Introduction to Higher-Order Categorical Logic},
  author={Lambek, Joachim and Scott, Philip J},
  volume={7},
  year={1988},
  publisher={Cambridge University Press}
}

@article{maietti10a,
  title={Joyal's arithmetic universe as list-arithmetic pretopos},
  author={Maietti, Maria Emilia},
  journal={Theory and Applications of Categories},
  volume={24},
  pages={39-83},
  year={2010}
}

@article{palmgrenvickers,
    title = {Partial Horn logic and cartesian categories},
    journal = {Annals of Pure and Applied Logic},
    volume = {145},
    number = {3},
    pages = {314-353},
    year = {2007},
    issn = {0168-0072},
    doi = {https://doi.org/10.1016/j.apal.2006.10.001},
    url = {https://www.sciencedirect.com/science/article/pii/S0168007206001229},
    author = {E. Palmgren and S.J. Vickers}
}

@article{PittsTaylor1989,
 ISSN = {00393215, 15728730},
 URL = {http://www.jstor.org/stable/20015448},
 author = {Andrew M. Pitts and Paul Taylor},
 journal = {Studia Logica: An International Journal for Symbolic Logic},
 number = {3},
 pages = {377--387},
 publisher = {Springer},
 title = {A Note on Russell's Paradox in Locally Cartesian Closed Categories},
 volume = {48},
 year = {1989}
}

@misc{roberts2021substructural,
      title={Substructural fixed-point theorems and the diagonal argument: theme and variations}, 
      author={David Michael Roberts},
      year={2021},
      eprint={2110.00239},
      archivePrefix={arXiv},
      primaryClass={math.CT}
}

@article{van2020g,
  title={G{\"o}del Incompleteness through Arithmetic Universes after A. Joyal},
  author={van Dijk, Joost and Oldenziel, Alexander Gietelink},
  journal={arXiv preprint arXiv:2004.10482},
  year={2020}
}

@article{yanofsky2003universal,
  title={A Universal Approach to Self-Referential Paradoxes, Incompleteness and Fixed Points},
  author={Yanofsky, Noson S},
  journal={Bulletin of Symbolic Logic},
  volume={9},
  number={3},
  pages={362--386},
  year={2003},
  publisher={Cambridge University Press}
}
